@STRING{IEEE_J_PAMI       = "{IEEE} Trans. Pattern Anal. Mach. Intell."}

@article{bengio_representation_2013,
    title = "Representation Learning: A Review and New Perspectives",
    author = "Bengio, Y. and Courville, A. and Vincent, P.",
    volume = "35",
    number = "8",
    pages = "1798--1828",
    journal = IEEE_J_PAMI,
    year = "2013",
    doi = "10.1109/TPAMI.2013.50",
}

@article{xia_saliency_2015,
    author = "Xia, Chen and Qi, Fei and Shi, Guangming and Wang, Pengjin",
    author+an = {2=self;2:family=corr},
    title = "Nonlocal Center-Surround Reconstruction-based Bottom-Up Saliency Estimation",
    journal = "{Pattern Recognition}",
    doi = "10.1016/j.patcog.2014.10.007",
    month = "4",
    number = "4",
    volume = "48",
    year = "2015",
    pages = "1337--1348"
}
